<?xml version="1.0" encoding="UTF-8"?><collection xmlns="http://www.loc.gov/MARC21/slim"><record><leader>00328nam--2200133-i-4500</leader><controlfield tag="001">000026146</controlfield><controlfield tag="002">20161230</controlfield><controlfield tag="005">20161230201036</controlfield><controlfield tag="008">060222s1000------------r-----000-0-eng-d</controlfield><datafield ind1=" " ind2=" " tag="080"><subfield code="a">801.323.2=590=867</subfield></datafield><datafield ind1=" " ind2=" " tag="100"><subfield code="a">Kanurcova, Spasca</subfield></datafield><datafield ind1=" " ind2=" " tag="245"><subfield code="a">Dictionar roman-bulgar</subfield></datafield><datafield ind1=" " ind2=" " tag="260"><subfield code="a">Sofia, Ed.Stiintifica, 1972, 503p</subfield></datafield><datafield ind1=" " ind2=" " tag="852"><subfield code="a">D.489</subfield></datafield></record></collection>